@inproceedings{wang2012baselines,
  title={Baselines and bigrams: Simple, good sentiment and topic classification},
    author={Wang, Sida and Manning, Christopher D},
      booktitle={Proceedings of the 50th Annual Meeting of the Association for Computational Linguistics: Short Papers-Volume 2},
        pages={90--94},
          year={2012},
            organization={Association for Computational Linguistics},
            url={http://www.aclweb.org/anthology/P/P12/P12-2.pdf#page=118}
            }

@inproceedings{DBLP:conf/emnlp/Kim14,
  author    = {Yoon Kim},
    title     = {Convolutional Neural Networks for Sentence Classification},
      booktitle = {Proceedings of the 2014 Conference on Empirical Methods in Natural
                     Language Processing, {EMNLP} 2014, October 25-29, 2014, Doha, Qatar,
                                    {A} meeting of SIGDAT, a Special Interest Group of the {ACL}},
                                      pages     = {1746--1751},
                                        year      = {2014},
                                            url       = {http://aclweb.org/anthology/D/D14/D14-1181.pdf},
                                              timestamp = {Sat, 15 Nov 2014 14:45:18 +0100},
                                                biburl    = {http://dblp.uni-trier.de/rec/bib/conf/emnlp/Kim14},
                                                  bibsource = {dblp computer science bibliography, http://dblp.org}
                                                  }


@inproceedings{snoek2012practical,
  title={Practical Bayesian optimization of machine learning algorithms},
    author={Snoek, Jasper and Larochelle, Hugo and Adams, Ryan P},
      booktitle={Advances in neural information processing systems},
        pages={2951--2959},
          year={2012}
          }

@inproceedings{socher2013recursive,
  title={Recursive deep models for semantic compositionality over a sentiment treebank},
    author={Socher, Richard and Perelygin, Alex and Wu, Jean Y and Chuang, Jason and Manning, Christopher D and Ng, Andrew Y and Potts, Christopher},
      booktitle={Proceedings of the conference on empirical methods in natural language processing (EMNLP)},
        volume={1631},
          pages={1642},
            year={2013},
              organization={Citeseer}
              }