@article{DBLP:journals/jmlr/BengioDVJ03,
  author    = {Yoshua Bengio and
                 R{\'{e}}jean Ducharme and
                                Pascal Vincent and
                                               Christian Janvin},
                                                 title     = {A Neural Probabilistic Language Model},
                                                   journal   = {Journal of Machine Learning Research},
                                                     volume    = {3},
                                                       pages     = {1137--1155},
                                                         year      = {2003},
                                                           url       = {http://www.jmlr.org/papers/v3/bengio03a.html},
                                                             timestamp = {Thu, 05 Feb 2004 13:43:02 +0100},
                                                               biburl    = {http://dblp.uni-trier.de/rec/bib/journals/jmlr/BengioDVJ03},
                                                                 bibsource = {dblp computer science bibliography, http://dblp.org}
                                                                 }

@inproceedings{gutmann2010noise,
  title={Noise-contrastive estimation: A new estimation principle for unnormalized statistical models},
    author={Gutmann, Michael and Hyv{\"a}rinen, Aapo},
      booktitle={International Conference on Artificial Intelligence and Statistics},
        pages={297--304},
          year={2010}
          }

@inproceedings{kneser1995improved,
  title={Improved backing-off for m-gram language modeling},
    author={Kneser, Reinhard and Ney, Hermann},
      booktitle={Acoustics, Speech, and Signal Processing, 1995. ICASSP-95., 1995 International Conference on},
        volume={1},
          pages={181--184},
            year={1995},
              organization={IEEE}
              }

@inproceedings{mnih2013learning,
  title={Learning word embeddings efficiently with noise-contrastive estimation},
    author={Mnih, Andriy and Kavukcuoglu, Koray},
      booktitle={Advances in Neural Information Processing Systems},
        pages={2265--2273},
          year={2013}
          }