@article{collobert2011natural,
  title={Natural language processing (almost) from scratch},
    author={Collobert, Ronan and Weston, Jason and Bottou, L{\'e}on and aKrlen, Michael and Kavukcuoglu, Koray and Kuksa, Pavel},
      journal={The Journal of Machine Learning Research},
        volume={12},
          pages={2493--2537},
            year={2011},
              publisher={JMLR. org},
                            url={http://arxiv.org/pdf/1103.0398}
              }


@inproceedings{DBLP:conf/emnlp/PenningtonSM14,
  author    = {Jeffrey Pennington and
                 Richard Socher and
                                Christopher D. Manning},
                                  title     = {Glove: Global Vectors for Word Representation},
                                    booktitle = {Proceedings of the 2014 Conference on Empirical Methods in Natural
                                                   Language Processing, {EMNLP} 2014, October 25-29, 2014, Doha, Qatar,
                                                                  {A} meeting of SIGDAT, a Special Interest Group of the {ACL}},
                                                                    pages     = {1532--1543},
                                                                      year      = {2014},
                                                                          url       = {http://aclweb.org/anthology/D/D14/D14-1162.pdf},
                                                                            timestamp = {Sat, 15 Nov 2014 14:45:18 +0100},
                                                                              biburl    = {http://dblp.uni-trier.de/rec/bib/conf/emnlp/PenningtonSM14},
                                                                                bibsource = {dblp computer science bibliography, http://dblp.org}
                                                                                }


@inproceedings{tjong2003introduction,
  title={Introduction to the CoNLL-2003 shared task: Language-independent named entity recognition},
  author={Tjong Kim Sang, Erik F and De Meulder, Fien},
  booktitle={Proceedings of the seventh conference on Natural language learning at HLT-NAACL 2003-Volume 4},
  pages={142--147},
  year={2003},
  organization={Association for Computational Linguistics}
}